@article{Casali2013,
  title={A theoretically based index of consciousness independent of sensory processing and behaviour},
  author={Casali, Adenauer G and Gosseries, Olivia and Rosanova, Mario and Boly, Mélanie and Sarasso, Simone and Casali, Krystel R and Casarotto, Silvia and Bruno, Marie-Aurélie and Laureys, Steven and Tononi, Giulio and others},
  journal={Science translational medicine},
  volume={5},
  number={198},
  pages={198ra105--198ra105},
  year={2013},
  publisher={American Association for the Advancement of Science}
}

@article{Casarotto2016,
  title={Stratification of unresponsive patients by an independently validated index of brain complexity},
  author={Casarotto, Silvia and Comanducci, Angelo and Rosanova, Mario and Sarasso, Simone and Fecchio, Matteo and Napolitani, Marcello and Pigorini, Andrea and Casali, Adenauer G and Trimarchi, Pietro Davide and Boly, Mélanie and others},
  journal={Annals of neurology},
  volume={80},
  number={5},
  pages={718--729},
  year={2016},
  publisher={Wiley Online Library}
}

@article{Schartner2015,
  title={Complexity of multi-dimensional spontaneous EEG decreases during propofol induced general anaesthesia},
  author={Schartner, Michael and Seth, Anil and Noirhomme, Quentin and Boly, Mélanie and Bruno, Marie-Aurélie and Laureys, Steven and Barrett, Adam},
  journal={PloS one},
  volume={10},
  number={8},
  pages={e0133532},
  year={2015},
  publisher={Public Library of Science San Francisco, CA USA}
}

@article{Sarasso2015,
  title={Consciousness and complexity during unresponsiveness induced by propofol, xenon, and ketamine},
  author={Sarasso, Simone and Boly, Mélanie and Napolitani, Marcello and Gosseries, Olivia and Charland-Verville, Vanessa and Casarotto, Silvia and Rosanova, Mario and Casali, Adenauer G and Brichant, Jean-François and Boveroux, Pierre and others},
  journal={Current Biology},
  volume={25},
  number={23},
  pages={3099--3105},
  year={2015},
  publisher={Elsevier}
}

@article{Sarasso2021,
  title={Consciousness and complexity: a consilience of evidence},
  author={Sarasso, Simone and Casali, Adenauer G and Casarotto, Silvia and Rosanova, Mario and Sinigaglia, Corrado and Massimini, Marcello},
  journal={Neuroscience of consciousness},
  volume={2021},
  number={2},
  pages={niab023},
  year={2021},
  publisher={Oxford University Press}
}

@article{Zhang2001,
  title={EEG complexity as a measure of depth of anesthesia for patients},
  author={Zhang, Xiao-Shu and Roy, Ranadip J and Jensen, Erik W},
  journal={IEEE transactions on biomedical engineering},
  volume={48},
  number={12},
  pages={1424--1433},
  year={2001},
  publisher={IEEE}
}

@article{Liu2019,
  title={Arousal transitions in sleep, anesthesia, and coma are characterized by an anteriorization of the brain's information flow},
  author={Liu, Xiaozheng and Lauer, Sean and Ward, Brandon D and Roberts, Cameron J and Liu, Shi and Gollapalli, Lalit and Rohloff, Robert and Gross, William and Chen, Guoqiang and Xu, Zhengge and others},
  journal={The Journal of Neuroscience},
  volume={39},
  number={50},
  pages={9701--9715},
  year={2019},
  publisher={Soc Neuroscience}
}

@article{Liu2023,
  title={Permutation Lempel-Ziv complexity detects residual consciousness in unresponsive patients},
  author={Liu, Yangyang and Huang, Zirui and Zhang, Zhenxing and Liu, Xiaozheng and Chen, Guoqiang and Xu, Zhengge and Wang, Xinhuai and Northoff, Georg},
  journal={NeuroImage: Clinical},
  volume={40},
  pages={103530},
  year={2023},
  publisher={Elsevier}
}

@article{Luppi2022,
  title={A synergistic workspace for human consciousness revealed by integrated information decomposition},
  author={Luppi, Andrea I and Mediano, Pedro AM and Rosas, Fernando E and Harrison, David J and Carhart-Harris, Robin L and Bor, Daniel and Stamatakis, Emmanuel A},
  journal={eLife},
  volume={11},
  pages={e88173},
  year={2022},
  publisher={eLife Sciences Publications Limited}
}

@article{Williams2010,
  title={Nonnegative decomposition of multivariate information},
  author={Williams, Paul L and Beer, Randall D},
  journal={arXiv preprint arXiv:1004.2515},
  year={2010}
}

@article{Mediano2022,
  title={Integrated information decomposition: a qualitative framework for information dynamics},
  author={Mediano, Pedro AM and Rosas, Fernando E and Carhart-Harris, Robin L and Seth, Anil K and Barrett, Adam B},
  journal={Philosophical Transactions of the Royal Society A},
  volume={380},
  number={2227},
  pages={20210243},
  year={2022},
  publisher={The Royal Society Publishing}
}

@article{Carhart-Harris2014,
  title={The entropic brain: a theory of conscious states informed by neuroimaging research with psychedelic drugs},
  author={Carhart-Harris, Robin L and Leech, Robert and Hellyer, Peter J and Shanahan, Murray and Feilding, Amanda and Tagliazucchi, Enzo and Chialvo, Dante R and Nutt, David},
  journal={Frontiers in human neuroscience},
  volume={8},
  pages={20},
  year={2014},
  publisher={Frontiers}
}

@article{Rosas2024,
  title={Software in the natural world: A computational approach to hierarchical emergence},
  author={Rosas, Fernando E and Luppi, Andrea I and Carhart-Harris, Robin L and Roseboom, Warrick and Scott, Alec J and Mediano, Pedro AM},
  journal={arXiv preprint arXiv:2402.09090},
  year={2024}
}
